% Bibliography database for Memoire
% Currently empty because there are no \cite commands in the document.
% Add entries like the examples below when needed.
